<record><leader>00000cas a2200000 a 4500</leader><controlfield tag="001">2712152</controlfield><controlfield tag="008">770201d19621997akuer ne      0   a0eng  </controlfield><datafield ind1=" " ind2=" " tag="010"><subfield code="a">sn 84020664 </subfield><subfield code="z">   77640436 </subfield><subfield code="z">  2001260102</subfield></datafield><datafield ind1=" " ind2=" " tag="040"><subfield code="a">DLC</subfield><subfield code="b">eng</subfield><subfield code="c">DLC</subfield><subfield code="d">NSD</subfield><subfield code="d">DLC</subfield><subfield code="d">NSD</subfield><subfield code="d">OCL</subfield><subfield code="d">UNP</subfield><subfield code="d">DLC</subfield><subfield code="d">YOX</subfield><subfield code="d">WAU</subfield><subfield code="d">ANU</subfield><subfield code="d">CNK</subfield><subfield code="d">EYM</subfield><subfield code="d">NVF</subfield><subfield code="d">ANE</subfield><subfield code="d">NVF</subfield><subfield code="d">ANE</subfield><subfield code="d">NVN</subfield><subfield code="d">DLC</subfield><subfield code="d">CUS</subfield><subfield code="d">CVF</subfield><subfield code="d">DLC</subfield><subfield code="d">NYS</subfield><subfield code="d">DLC</subfield><subfield code="d">TJC</subfield><subfield code="d">DLC</subfield><subfield code="d">OCLCQ</subfield><subfield code="d">GBVCP</subfield><subfield code="d">OCLCO</subfield><subfield code="d">OCLCF</subfield><subfield code="d">WAU</subfield><subfield code="d">OCLCQ</subfield><subfield code="d">ORU</subfield></datafield><datafield ind1=" " ind2=" " tag="015"><subfield code="a">010662278</subfield><subfield code="2">dnb</subfield></datafield><datafield ind1="7" ind2=" " tag="016"><subfield code="a">95015-4</subfield><subfield code="2">DE-600</subfield></datafield><datafield ind1=" " ind2=" " tag="019"><subfield code="a">1605031</subfield></datafield><datafield ind1="1" ind2=" " tag="022"><subfield code="a">0049-4801</subfield><subfield code="l">0049-4801</subfield><subfield code="2">1</subfield></datafield><datafield ind1=" " ind2=" " tag="032"><subfield code="a">644040</subfield><subfield code="b">USPS</subfield></datafield><datafield ind1=" " ind2=" " tag="042"><subfield code="a">pcc</subfield><subfield code="a">nsdp</subfield></datafield><datafield ind1=" " ind2=" " tag="043"><subfield code="a">n-us-ak</subfield></datafield><datafield ind1="0" ind2="0" tag="050"><subfield code="a">Newspaper</subfield></datafield><datafield ind1=" " ind2="4" tag="050"><subfield code="a">E78.A3</subfield><subfield code="b">T86</subfield></datafield><datafield ind1="0" ind2=" " tag="130"><subfield code="a">Tundra times (Fairbanks, Alaska)</subfield></datafield><datafield ind1=" " ind2="0" tag="222"><subfield code="a">Tundra times</subfield></datafield><datafield ind1="1" ind2="0" tag="245"><subfield code="a">Tundra times.</subfield></datafield><datafield ind1=" " ind2=" " tag="260"><subfield code="a">Fairbanks, Alaska :</subfield><subfield code="b">Tundra Times Inc.,</subfield><subfield code="c">1962-1997.</subfield></datafield><datafield ind1=" " ind2=" " tag="300"><subfield code="a">volumes :</subfield><subfield code="b">illustrations</subfield></datafield><datafield ind1=" " ind2=" " tag="310"><subfield code="a">Biweekly,</subfield><subfield code="b">May 5, 1993-May 14, 1997</subfield></datafield><datafield ind1=" " ind2=" " tag="321"><subfield code="a">Weekly,</subfield><subfield code="b">Feb. 25, 1966-Apr. 21, 1993</subfield></datafield><datafield ind1=" " ind2=" " tag="321"><subfield code="a">Semimonthly,</subfield><subfield code="b">1962-Feb. 11, 1966</subfield></datafield><datafield ind1=" " ind2=" " tag="336"><subfield code="a">text</subfield><subfield code="b">txt</subfield><subfield code="2">rdacontent</subfield></datafield><datafield ind1=" " ind2=" " tag="337"><subfield code="a">unmediated</subfield><subfield code="b">n</subfield><subfield code="2">rdamedia</subfield></datafield><datafield ind1=" " ind2=" " tag="338"><subfield code="a">volume</subfield><subfield code="b">nc</subfield><subfield code="2">rdacarrier</subfield></datafield><datafield ind1="0" ind2=" " tag="362"><subfield code="a">Vol. 1, no. 1 (Oct. 1, 1962)-v. 36, no. 15 (May 14, 1997).</subfield></datafield><datafield ind1=" " ind2=" " tag="500"><subfield code="a">Published in Anchorage, Alaska, Sept. 6, 1978-May 14, 1997.</subfield></datafield><datafield ind1=" " ind2=" " tag="500"><subfield code="a">"Will strive to keep informed on matters of interest all natives of Alaska, whether they be Eskimos of the Arctic, the Athabascans of the interior, and [sic] other Indians and Aleuts of the Aleutian Islands."</subfield></datafield><datafield ind1=" " ind2=" " tag="500"><subfield code="a">"Alaska's Oldest State-Wide Newspaper."</subfield></datafield><datafield ind1=" " ind2=" " tag="500"><subfield code="a">Masthead ill.: Reindeer and people on dogsleds in wilderness.</subfield></datafield><datafield ind1=" " ind2=" " tag="500"><subfield code="a">"Founded in 1962 by Howard Rock."</subfield></datafield><datafield ind1="4" ind2=" " tag="510"><subfield code="a">Danky, J.P. Native American periodicals and newspapers 1828-1982</subfield><subfield code="c">426-427</subfield></datafield><datafield ind1=" " ind2=" " tag="515"><subfield code="a">Issue numbering irregular.</subfield></datafield><datafield ind1=" " ind2=" " tag="515"><subfield code="a">Suspended with Dec. 23, 1991 issue; resumed with Oct. 15, 1992 issue.</subfield></datafield><datafield ind1="8" ind2=" " tag="521"><subfield code="a">"The Eskimo-Indian All-Alaska Newspaper."</subfield></datafield><datafield ind1=" " ind2=" " tag="525"><subfield code="a">Includes: Copper River news, &lt;Aug. 23, 1978&gt;-&lt;Sept. 27, 1978&gt; and: North Slope bulletin, &lt;Oct. 4, 1978&gt;-&lt;Jan. 17, 1979&gt; and: Alaska Federation of Natives, Inc. monthly newsletter, Dec. 29, 1978-&lt;July 29, 1979&gt;.</subfield></datafield><datafield ind1=" " ind2=" " tag="530"><subfield code="a">Available on microfilm from the Library of Congress, Photoduplication Service, and on microfiche from Clearwater Pub. Co.</subfield></datafield><datafield ind1=" " ind2=" " tag="530"><subfield code="a">Available on microfilm from the Alaska Newspaper Project.</subfield></datafield><datafield ind1=" " ind2=" " tag="530"><subfield code="a">Available on microfilm from Microfilming Corporation of America (Periodicals by and about the North American Indian).</subfield></datafield><datafield ind1=" " ind2=" " tag="530"><subfield code="a">Available online to subscribers of Ethnic NewsWatch.</subfield></datafield><datafield ind1=" " ind2="0" tag="650"><subfield code="a">Indians of North America</subfield><subfield code="z">Alaska</subfield><subfield code="v">Newspapers.</subfield></datafield><datafield ind1=" " ind2="0" tag="650"><subfield code="a">Athapascan Indians</subfield><subfield code="v">Newspapers.</subfield></datafield><datafield ind1=" " ind2="0" tag="650"><subfield code="a">Aleuts</subfield><subfield code="v">Newspapers.</subfield></datafield><datafield ind1=" " ind2="0" tag="650"><subfield code="a">Eskimos</subfield><subfield code="v">Newspapers.</subfield></datafield><datafield ind1=" " ind2="0" tag="651"><subfield code="a">Anchorage (Alaska)</subfield><subfield code="v">Newspapers.</subfield></datafield><datafield ind1=" " ind2="0" tag="651"><subfield code="a">Fairbanks (Alaska)</subfield><subfield code="v">Newspapers.</subfield></datafield><datafield ind1=" " ind2="7" tag="650"><subfield code="a">Aleuts.</subfield><subfield code="2">fast</subfield><subfield code="0">(OCoLC)fst00804726</subfield></datafield><datafield ind1=" " ind2="7" tag="650"><subfield code="a">Athapascan Indians.</subfield><subfield code="2">fast</subfield><subfield code="0">(OCoLC)fst00819946</subfield></datafield><datafield ind1=" " ind2="7" tag="650"><subfield code="a">Eskimos.</subfield><subfield code="2">fast</subfield><subfield code="0">(OCoLC)fst00915242</subfield></datafield><datafield ind1=" " ind2="7" tag="650"><subfield code="a">Indians of North America.</subfield><subfield code="2">fast</subfield><subfield code="0">(OCoLC)fst00969633</subfield></datafield><datafield ind1=" " ind2="7" tag="651"><subfield code="a">Alaska.</subfield><subfield code="2">fast</subfield><subfield code="0">(OCoLC)fst01204480</subfield></datafield><datafield ind1=" " ind2="7" tag="651"><subfield code="a">Alaska</subfield><subfield code="z">Anchorage.</subfield><subfield code="2">fast</subfield><subfield code="0">(OCoLC)fst01212412</subfield></datafield><datafield ind1=" " ind2="7" tag="651"><subfield code="a">Alaska</subfield><subfield code="z">Fairbanks.</subfield><subfield code="2">fast</subfield><subfield code="0">(OCoLC)fst01207610</subfield></datafield><datafield ind1=" " ind2="7" tag="655"><subfield code="a">Newspapers.</subfield><subfield code="2">fast</subfield><subfield code="0">(OCoLC)fst01423814</subfield></datafield><datafield ind1=" " ind2="7" tag="655"><subfield code="a">Native American newspapers.</subfield><subfield code="2">ngl</subfield></datafield><datafield ind1="0" ind2="2" tag="740"><subfield code="a">Copper River news.</subfield></datafield><datafield ind1="0" ind2="2" tag="740"><subfield code="a">North Slope bulletin.</subfield></datafield><datafield ind1="0" ind2="2" tag="740"><subfield code="a">Alaska Federation of Natives, Inc. monthly newsletter.</subfield></datafield><datafield ind1=" " ind2=" " tag="752"><subfield code="a">United States</subfield><subfield code="b">Alaska</subfield><subfield code="c">Anchorage</subfield><subfield code="d">Anchorage.</subfield></datafield><datafield ind1=" " ind2=" " tag="752"><subfield code="a">United States</subfield><subfield code="b">Alaska</subfield><subfield code="d">Fairbanks.</subfield></datafield><datafield ind1="0" ind2=" " tag="776"><subfield code="c">(Microfilm)</subfield><subfield code="d">Microfilming Corporation of America</subfield><subfield code="w">(OCoLC)23676179</subfield></datafield><datafield ind1="0" ind2=" " tag="776"><subfield code="c">(Microfilm)</subfield><subfield code="d">Alaska Newspaper Project</subfield><subfield code="w">(OCoLC)48159942</subfield></datafield><datafield ind1="4" ind2=" " tag="856"><subfield code="z">Login and password required</subfield><subfield code="u">http://ethnicnewswatch.com</subfield></datafield><datafield ind1="1" ind2=" " tag="029"><subfield code="a">AU@</subfield><subfield code="b">000021384271</subfield></datafield><datafield ind1="1" ind2=" " tag="029"><subfield code="a">ZWZ</subfield><subfield code="b">03658326X</subfield></datafield></record>